@article{li2020learn,
  title={Learn molecular representations from large-scale unlabeled molecules for drug discovery},
  author={Li, Pengyong and Wang, Jun and Qiao, Yixuan and Chen, Hao and Yu, Yihuan and Yao, Xiaojun and Gao, Peng and Xie, Guotong and Song, Sen},
  journal={arXiv preprint arXiv:2012.11175},
  year={2020}
}

@article{reddy2013polypharmacology,
  title={Polypharmacology: drug discovery for the future},
  author={Reddy, A Srinivas and Zhang, Shuxing},
  journal={Expert review of clinical pharmacology},
  volume={6},
  number={1},
  pages={41--47},
  year={2013},
  publisher={Taylor \& Francis}
}


